SeasonKey,GameDate,GameTime,Month,DayOfWeek,DaysSinceHomeGame,Opponent,Temp,isRain,isSnow,IsHoliday,GiveawayBucket,TotalTickets,TotalAttendance, TotalRevenue 
2015,10/28/2015,7:00,October,Wednesday,99,Toronto Raptors,43,0,0,0,None,"16,350 ","13,950 "," $1,570,000 "
2015,10/30/2015,7:00,October,Friday,2,Washington Wizards,46,0,0,0,None,"17,700 ","16,600 "," $1,630,000 "
2015,11/4/2015,7:00,November,Wednesday,5,Philadelphia 76ers,61,0,0,0,None,"14,000 ","11,900 "," $1,170,000 "
2015,11/7/2015,7:30,November,Saturday,3,Brooklyn Nets,39,0,0,0,None,"18,700 ","17,150 "," $1,870,000 "
2015,11/10/2015,7:00,November,Tuesday,3,Boston Celtics,41,0,0,0,None,"14,250 ","12,550 "," $1,550,000 "
2015,11/14/2015,7:30,November,Saturday,4,Cleveland Cavaliers,50,0,0,0,Franchise,"17,650 ","16,000 "," $1,710,000 "
2015,11/23/2015,7:00,November,Monday,9,Detroit Pistons,34,0,0,0,None,"18,500 ","14,400 "," $1,540,000 "
2015,11/25/2015,7:00,November,Wednesday,2,Sacramento Kings,50,0,0,0,None,"14,800 ","12,150 "," $1,310,000 "
2015,11/30/2015,7:00,November,Monday,5,Denver Nuggets,43,1,0,0,None,"18,950 ","16,100 "," $1,580,000 "
2015,12/5/2015,7:30,December,Saturday,5,New York Knicks,37,0,0,0,None,"15,250 ","13,250 "," $1,440,000 "
2015,12/7/2015,7:00,December,Monday,2,Portland Trail Blazers,36,0,0,0,None,"15,000 ","12,800 "," $1,300,000 "
2015,12/9/2015,7:00,December,Wednesday,2,Los Angeles Clippers,41,0,0,0,None,"14,000 ","11,700 "," $1,510,000 "
2015,12/12/2015,7:30,December,Saturday,3,Golden State Warriors,43,0,0,0,Franchise,"15,050 ","14,550 "," $1,690,000 "
2015,12/23/2015,7:00,December,Wednesday,11,Philadelphia 76ers,55,0,0,0,Wearable,"14,150 ","11,850 "," $1,200,000 "
2015,12/26/2015,4:00,December,Saturday,3,Toronto Raptors,36,0,0,0,None,"16,350 ","14,500 "," $1,470,000 "
2015,1/4/2016,7:00,January,Monday,9,San Antonio Spurs,19,0,0,0,None,"14,400 ","10,200 "," $1,240,000 "
2015,1/8/2016,7:00,January,Friday,4,Dallas Mavericks,37,1,0,0,None,"18,350 ","16,850 "," $1,750,000 "
2015,1/12/2016,7:00,January,Tuesday,4,Chicago Bulls,3,0,0,0,None,"18,850 ","16,600 "," $1,990,000 "
2015,1/15/2016,7:00,January,Friday,3,Atlanta Hawks,30,0,0,0,Franchise,"18,950 ","16,150 "," $1,840,000 "
2015,1/26/2016,7:00,January,Tuesday,11,Orlando Magic,27,0,0,0,None,"14,950 ","12,150 "," $1,370,000 "
2015,1/29/2016,7:00,January,Friday,3,Miami Heat,32,0,0,0,Wearable,"17,300 ","15,250 "," $1,750,000 "
2015,2/9/2016,7:00,February,Tuesday,11,Boston Celtics,18,1,1,0,None,"19,000 ","16,450 "," $2,110,000 "
2015,2/11/2016,7:00,February,Thursday,2,Washington Wizards,18,0,0,0,Franchise,"14,900 ","13,200 "," $1,370,000 "
2015,2/19/2016,7:00,February,Friday,8,Charlotte Hornets,45,0,0,0,Franchise,"18,550 ","16,150 "," $1,770,000 "
2015,2/22/2016,7:00,February,Monday,3,Los Angeles Lakers,34,0,0,0,None,"18,800 ","15,900 "," $2,200,000 "
2015,2/27/2016,7:30,February,Saturday,5,Detroit Pistons,50,0,0,0,Franchise,"13,750 ","11,800 "," $1,270,000 "
2015,2/29/2016,7:00,February,Monday,2,Houston Rockets,32,0,0,0,None,"17,250 ","13,900 "," $1,550,000 "
2015,3/2/2016,7:00,March,Wednesday,2,Indiana Pacers,25,0,0,0,Wearable,"16,850 ","14,100 "," $1,290,000 "
2015,3/4/2016,7:00,March,Friday,2,Minnesota Timberwolves,32,1,1,0,Franchise,"15,350 ","13,700 "," $1,200,000 "
2015,3/6/2016,2:30,March,Sunday,2,Oklahoma City Thunder,46,0,0,0,None,"15,850 ","13,050 "," $1,440,000 "
2015,3/9/2016,7:00,March,Wednesday,3,Miami Heat,52,0,0,0,Franchise,"19,000 ","16,450 "," $1,650,000 "
2015,3/12/2016,6:30,March,Saturday,3,New Orleans Pelicans,52,0,0,0,Franchise,"18,050 ","16,400 "," $1,400,000 "
2015,3/15/2016,7:00,March,Tuesday,3,Toronto Raptors,46,0,0,0,None,"20,300 ","17,400 "," $1,560,000 "
2015,3/17/2016,7:00,March,Thursday,2,Memphis Grizzlies,46,0,0,0,Franchise,"20,200 ","17,850 "," $1,220,000 "
2015,3/20/2016,6:00,March,Sunday,3,Utah Jazz,34,0,0,0,Wearable,"18,500 ","14,700 "," $1,590,000 "
2015,3/26/2016,7:30,March,Saturday,6,Charlotte Hornets,41,0,0,0,Franchise,"15,800 ","14,550 "," $1,310,000 "
2015,3/30/2016,7:00,March,Wednesday,4,Phoenix Suns,57,1,0,0,None,"17,150 ","15,500 "," $1,470,000 "
2015,4/1/2016,7:00,April,Friday,2,Orlando Magic,37,0,0,0,Franchise,"20,900 ","17,400 "," $1,470,000 "
2015,4/3/2016,6:00,April,Sunday,2,Chicago Bulls,46,0,0,0,Franchise,"20,800 ","17,650 "," $1,960,000 "
2015,4/5/2016,7:00,April,Tuesday,2,Cleveland Cavaliers,37,0,0,0,Wearable,"15,850 ","13,500 "," $1,350,000 "
2015,4/13/2016,7:00,April,Wednesday,8,Indiana Pacers,41,0,0,0,None,"20,400 ","16,700 "," $1,600,000 "
2016,10/26/2016,7:00,October,Wednesday,99,Charlotte Hornets,46,1,0,0,Franchise,"14,300 ","12,500 "," $1,490,000 "
2016,10/29/2016,7:00,October,Saturday,3,Brooklyn Nets,54,0,0,0,None,"18,500 ","17,750 "," $1,860,000 "
2016,11/3/2016,7:00,November,Thursday,5,Indiana Pacers,52,0,0,0,None,"14,900 ","13,000 "," $1,270,000 "
2016,11/5/2016,7:00,November,Saturday,2,Sacramento Kings,52,0,0,0,None,"18,800 ","16,700 "," $1,660,000 "
2016,11/10/2016,7:00,November,Thursday,5,New Orleans Pelicans,57,0,0,0,None,"17,200 ","15,100 "," $1,470,000 "
2016,11/12/2016,7:30,November,Saturday,2,Memphis Grizzlies,45,0,0,0,None,"14,450 ","13,100 "," $1,130,000 "
2016,11/19/2016,7:30,November,Saturday,7,Golden State Warriors,30,0,0,0,None,"14,900 ","14,550 "," $1,670,000 "
2016,11/21/2016,7:00,November,Monday,2,Orlando Magic,28,0,0,0,None,"14,300 ","11,150 "," $1,110,000 "
2016,11/25/2016,7:00,November,Friday,4,Toronto Raptors,37,0,0,1,None,"16,400 ","14,200 "," $1,400,000 "
2016,11/29/2016,7:00,November,Tuesday,4,Cleveland Cavaliers,45,0,0,0,None,"15,350 ","13,200 "," $1,510,000 "
2016,12/3/2016,4:00,December,Saturday,4,Brooklyn Nets,32,0,0,0,None,"19,450 ","17,650 "," $1,960,000 "
2016,12/5/2016,7:00,December,Monday,2,San Antonio Spurs,34,0,0,0,Franchise,"17,050 ","12,200 "," $1,410,000 "
2016,12/7/2016,7:00,December,Wednesday,2,Portland Trail Blazers,23,1,1,0,None,"14,150 ","12,450 "," $1,320,000 "
2016,12/9/2016,7:00,December,Friday,2,Atlanta Hawks,19,0,0,0,None,"20,100 ","17,500 "," $1,890,000 "
2016,12/15/2016,7:00,December,Thursday,6,Chicago Bulls,9,0,0,0,None,"19,050 ","17,200 "," $1,830,000 "
2016,12/20/2016,7:00,December,Tuesday,5,Cleveland Cavaliers,28,0,0,0,None,"13,750 ","11,700 "," $1,370,000 "
2016,12/23/2016,7:00,December,Friday,3,Washington Wizards,32,1,1,0,Wearable,"17,850 ","15,800 "," $1,660,000 "
2016,1/2/2017,6:00,January,Monday,10,Oklahoma City Thunder,37,0,0,1,None,"19,500 ","15,400 "," $1,860,000 "
2016,1/6/2017,7:00,January,Friday,4,New York Knicks,3,0,0,0,None,"16,100 ","13,400 "," $1,510,000 "
2016,1/8/2017,1:00,January,Sunday,2,Washington Wizards,18,0,0,0,None,"14,000 ","11,600 "," $1,490,000 "
2016,1/13/2017,7:00,January,Friday,5,Miami Heat,19,0,0,0,Franchise,"16,600 ","14,600 "," $1,680,000 "
2016,1/16/2017,2:30,January,Monday,3,Philadelphia 76ers,34,0,0,1,None,"17,000 ","13,700 "," $1,370,000 "
2016,1/23/2017,7:00,January,Monday,7,Houston Rockets,37,0,0,0,None,"14,750 ","11,850 "," $1,350,000 "
2016,1/25/2017,7:00,January,Wednesday,2,Philadelphia 76ers,32,1,1,0,Franchise,"18,050 ","15,050 "," $1,580,000 "
2016,1/28/2017,7:00,January,Saturday,3,Boston Celtics,28,0,0,0,Wearable,"16,150 ","14,700 "," $1,780,000 "
2016,2/8/2017,7:00,February,Wednesday,11,Miami Heat,18,0,0,0,None,"16,350 ","13,850 "," $1,700,000 "
2016,2/10/2017,7:00,February,Friday,2,Los Angeles Lakers,41,0,0,0,None,"16,000 ","14,500 "," $1,910,000 "
2016,2/13/2017,7:00,February,Monday,3,Detroit Pistons,37,0,0,0,None,"17,400 ","13,300 "," $1,480,000 "
2016,2/24/2017,7:00,February,Friday,11,Utah Jazz,30,1,1,0,None,"19,000 ","15,650 "," $1,760,000 "
2016,2/26/2017,2:30,February,Sunday,2,Phoenix Suns,40,0,0,0,Franchise,"14,400 ","12,550 "," $1,570,000 "
2016,3/1/2017,7:00,March,Wednesday,3,Denver Nuggets,28,0,0,0,None,"14,450 ","12,750 "," $1,100,000 "
2016,3/3/2017,7:00,March,Friday,2,Los Angeles Clippers,27,0,0,0,None,"16,400 ","14,500 "," $1,450,000 "
2016,3/4/2017,7:00,March,Saturday,1,Toronto Raptors,34,0,0,0,None,"17,000 ","15,300 "," $1,290,000 "
2016,3/8/2017,7:00,March,Wednesday,4,New York Knicks,37,0,0,0,None,"19,250 ","15,700 "," $1,520,000 "
2016,3/10/2017,7:00,March,Friday,2,Indiana Pacers,19,0,0,0,None,"19,550 ","17,050 "," $1,450,000 "
2016,3/11/2017,7:00,March,Saturday,1,Minnesota Timberwolves,23,0,0,0,Franchise,"18,250 ","16,900 "," $1,490,000 "
2016,3/24/2017,7:00,March,Friday,13,Atlanta Hawks,39,0,0,0,None,"17,800 ","15,050 "," $1,430,000 "
2016,3/26/2017,2:30,March,Sunday,2,Chicago Bulls,43,1,0,0,None,"18,500 ","16,000 "," $1,730,000 "
2016,3/31/2017,7:00,March,Friday,5,Detroit Pistons,41,0,0,0,None,"19,600 ","16,550 "," $1,440,000 "
2016,4/2/2017,2:30,April,Sunday,2,Dallas Mavericks,55,0,0,0,None,"21,400 ","18,700 "," $1,910,000 "
2016,4/10/2017,7:00,April,Monday,8,Charlotte Hornets,37,0,0,0,None,"18,000 ","14,650 "," $1,390,000 "
2017,10/20/2017,6:00,October,Friday,99,Cleveland Cavaliers,70,0,0,0,Wearable,"14,300 ","12,800 "," $1,440,000 "
2017,10/21/2017,7:30,October,Saturday,1,Portland Trail Blazers,70,0,0,0,Franchise,"17,650 ","15,850 "," $1,640,000 "
2017,10/23/2017,7:00,October,Monday,2,Charlotte Hornets,50,0,0,0,None,"14,700 ","12,750 "," $1,320,000 "
2017,10/26/2017,7:00,October,Thursday,3,Boston Celtics,54,0,0,0,None,"17,300 ","16,300 "," $1,770,000 "
2017,10/31/2017,7:00,October,Tuesday,5,Oklahoma City Thunder,36,0,0,1,None,"16,600 ","14,900 "," $1,680,000 "
2017,11/11/2017,7:30,November,Saturday,11,Los Angeles Lakers,34,0,0,1,None,"20,100 ","19,100 "," $2,450,000 "
2017,11/13/2017,7:00,November,Monday,2,Memphis Grizzlies,36,0,0,0,None,"18,350 ","14,950 "," $1,290,000 "
2017,11/15/2017,7:00,November,Wednesday,2,Detroit Pistons,39,0,0,0,Franchise,"19,000 ","15,300 "," $1,700,000 "
2017,11/20/2017,7:00,November,Monday,5,Washington Wizards,48,0,0,0,None,"15,400 ","12,800 "," $1,360,000 "
2017,12/2/2017,7:30,December,Saturday,12,Sacramento Kings,43,0,0,0,None,"13,700 ","12,000 "," $1,240,000 "
2017,12/6/2017,7:00,December,Wednesday,4,Detroit Pistons,28,0,0,0,None,"13,450 ","10,700 "," $1,220,000 "
2017,12/8/2017,7:00,December,Friday,2,Dallas Mavericks,32,0,0,0,Wearable,"18,300 ","16,900 "," $1,700,000 "
2017,12/9/2017,7:30,December,Saturday,1,Utah Jazz,19,0,0,0,None,"16,900 ","14,550 "," $1,600,000 "
2017,12/15/2017,7:00,December,Friday,6,Chicago Bulls,30,1,1,0,None,"16,350 ","14,700 "," $1,610,000 "
2017,12/19/2017,7:00,December,Tuesday,4,Cleveland Cavaliers,37,0,0,0,None,"15,250 ","13,000 "," $1,510,000 "
2017,12/22/2017,7:00,December,Friday,3,Charlotte Hornets,32,0,0,0,Franchise,"20,100 ","17,650 "," $1,890,000 "
2017,12/26/2017,7:00,December,Tuesday,4,Chicago Bulls,0,0,0,0,None,"17,600 ","15,600 "," $1,820,000 "
2017,12/28/2017,7:00,December,Thursday,2,Minnesota Timberwolves,10,1,1,0,None,"18,000 ","15,900 "," $1,620,000 "
2017,1/3/2018,7:00,January,Wednesday,6,Indiana Pacers,7,0,0,0,None,"18,850 ","15,350 "," $1,790,000 "
2017,1/5/2018,7:00,January,Friday,2,Toronto Raptors,1,0,0,0,Franchise,"19,200 ","16,300 "," $1,710,000 "
2017,1/10/2018,7:00,January,Wednesday,5,Orlando Magic,52,0,0,0,None,"17,850 ","14,150 "," $1,590,000 "
2017,1/12/2018,7:00,January,Friday,2,Golden State Warriors,14,0,0,0,None,"15,200 ","14,100 "," $1,690,000 "
2017,1/17/2018,7:00,January,Wednesday,5,Miami Heat,21,0,0,0,None,"16,650 ","14,100 "," $1,740,000 "
2017,1/22/2018,7:00,January,Monday,5,Phoenix Suns,37,1,0,0,None,"14,300 ","12,250 "," $1,390,000 "
2017,1/26/2018,7:00,January,Friday,4,Brooklyn Nets,46,0,0,0,Wearable,"20,250 ","17,600 "," $2,020,000 "
2017,1/29/2018,7:00,January,Monday,3,Philadelphia 76ers,16,0,0,0,None,"18,400 ","14,850 "," $1,490,000 "
2017,2/2/2018,7:00,February,Friday,4,New York Knicks,18,0,0,0,None,"20,200 ","16,800 "," $1,860,000 "
2017,2/13/2018,7:00,February,Tuesday,11,Atlanta Hawks,28,0,0,0,None,"20,100 ","19,650 "," $1,990,000 "
2017,2/15/2018,7:00,February,Thursday,2,Denver Nuggets,39,0,0,0,None,"15,650 ","14,150 "," $1,360,000 "
2017,2/25/2018,2:00,February,Sunday,10,New Orleans Pelicans,39,0,0,0,Franchise,"13,950 ","11,300 "," $1,400,000 "
2017,2/27/2018,7:00,February,Tuesday,2,Washington Wizards,52,0,0,0,Franchise,"16,250 ","14,100 "," $1,610,000 "
2017,3/2/2018,7:00,March,Friday,3,Indiana Pacers,36,0,0,0,None,"21,250 ","18,500 "," $1,580,000 "
2017,3/4/2018,7:00,March,Sunday,2,Philadelphia 76ers,36,0,0,0,Franchise,"20,100 ","16,900 "," $1,550,000 "
2017,3/7/2018,7:00,March,Wednesday,3,Houston Rockets,25,0,0,0,None,"21,100 ","17,950 "," $1,700,000 "
2017,3/9/2018,7:00,March,Friday,2,New York Knicks,30,0,0,0,None,"19,800 ","16,850 "," $1,510,000 "
2017,3/17/2018,5:00,March,Saturday,8,Atlanta Hawks,39,0,0,1,None,"19,250 ","16,100 "," $1,610,000 "
2017,3/21/2018,7:00,March,Wednesday,4,Los Angeles Clippers,30,0,0,0,None,"17,350 ","14,750 "," $1,590,000 "
2017,3/25/2018,2:30,March,Sunday,4,San Antonio Spurs,36,0,0,0,Franchise,"19,000 ","14,100 "," $1,550,000 "
2017,4/3/2018,7:00,April,Tuesday,9,Boston Celtics,32,1,1,0,None,"14,500 ","12,600 "," $1,390,000 "
2017,4/5/2018,7:00,April,Thursday,2,Brooklyn Nets,39,0,0,0,Franchise,"20,150 ","17,700 "," $1,660,000 "
2017,4/9/2018,7:00,April,Monday,4,Orlando Magic,36,0,0,0,None,"17,700 ","13,650 "," $1,170,000 "
2019,10/26/2019,4:00,October,Saturday,99,Miami Heat,46,0,0,0,None,"17,300 ","16,450 "," $1,880,000 "
2019,10/28/2019,7:00,October,Monday,2,Cleveland Cavaliers,43,0,0,0,None,"12,550 ","10,750 "," $1,130,000 "
2019,11/2/2019,7:00,November,Saturday,5,Toronto Raptors,36,0,0,0,Other,"16,950 ","15,200 "," $1,510,000 "
2019,11/14/2019,7:00,November,Thursday,12,Chicago Bulls,25,0,0,0,Wearable,"14,850 ","13,550 "," $1,420,000 "
2019,11/21/2019,7:00,November,Thursday,7,Portland Trail Blazers,39,0,0,0,None,"18,450 ","17,150 "," $1,620,000 "
2019,11/23/2019,7:30,November,Saturday,2,Detroit Pistons,34,0,0,0,None,"13,350 ","11,650 "," $1,210,000 "
2019,11/25/2019,7:00,November,Monday,2,Utah Jazz,43,0,0,0,None,"17,100 ","13,300 "," $1,470,000 "
2019,11/27/2019,7:00,November,Wednesday,2,Atlanta Hawks,34,0,0,0,Wearable,"15,700 ","15,450 "," $1,490,000 "
2019,11/30/2019,7:00,November,Saturday,3,Charlotte Hornets,37,1,0,0,Franchise,"16,550 ","15,200 "," $1,600,000 "
2019,12/2/2019,7:00,December,Monday,2,New York Knicks,28,0,0,0,None,"13,650 ","10,600 "," $1,190,000 "
2019,12/6/2019,7:30,December,Friday,4,Los Angeles Clippers,27,0,0,0,None,"18,950 ","16,500 "," $1,970,000 "
2019,12/9/2019,7:00,December,Monday,3,Orlando Magic,34,0,0,0,Wearable,"14,450 ","11,150 "," $1,140,000 "
2019,12/11/2019,8:30,December,Wednesday,2,New Orleans Pelicans,18,0,0,0,None,"19,150 ","15,900 "," $1,750,000 "
2019,12/14/2019,7:30,December,Saturday,3,Cleveland Cavaliers,25,0,0,0,None,"17,350 ","15,550 "," $1,700,000 "
2019,12/16/2019,7:00,December,Monday,2,Dallas Mavericks,23,0,0,0,None,"17,300 ","14,900 "," $1,550,000 "
2019,12/19/2019,7:00,December,Thursday,3,Los Angeles Lakers,27,0,0,0,None,"15,050 ","13,800 "," $1,750,000 "
2019,12/22/2019,6:00,December,Sunday,3,Indiana Pacers,45,0,0,0,Franchise,"14,850 ","12,000 "," $1,480,000 "
2019,12/28/2019,7:30,December,Saturday,6,Orlando Magic,39,0,0,0,None,"19,950 ","17,250 "," $1,730,000 "
2019,1/1/2020,7:00,January,Wednesday,4,Minnesota Timberwolves,41,0,0,1,None,"14,200 ","11,900 "," $1,400,000 "
2019,1/4/2020,7:30,January,Saturday,3,San Antonio Spurs,28,0,0,0,Wearable,"18,650 ","14,950 "," $1,730,000 "
2019,1/14/2020,7:00,January,Tuesday,10,New York Knicks,32,0,0,0,Other,"19,750 ","16,150 "," $1,960,000 "
2019,1/16/2020,7:00,January,Thursday,2,Boston Celtics,10,0,0,0,None,"17,850 ","15,750 "," $1,870,000 "
2019,1/20/2020,4:00,January,Monday,4,Chicago Bulls,20,0,0,1,None,"20,250 ","16,850 "," $1,980,000 "
2019,1/28/2020,7:00,January,Tuesday,8,Washington Wizards,28,0,0,0,None,"15,850 ","13,700 "," $1,600,000 "
2019,1/31/2020,8:00,January,Friday,3,Denver Nuggets,34,0,0,0,Other,"19,250 ","17,250 "," $1,740,000 "
2019,2/2/2020,1:00,February,Sunday,2,Phoenix Suns,50,0,0,0,None,"15,900 ","13,850 "," $1,730,000 "
2019,2/6/2020,7:00,February,Thursday,4,Philadelphia 76ers,27,0,0,0,None,"16,100 ","14,100 "," $1,310,000 "
2019,2/10/2020,7:00,February,Monday,4,Sacramento Kings,25,0,0,0,None,"16,550 ","12,900 "," $1,390,000 "
2019,2/22/2020,7:30,February,Saturday,12,Philadelphia 76ers,41,0,0,0,None,"16,550 ","14,900 "," $1,440,000 "
2019,2/28/2020,7:00,February,Friday,6,Oklahoma City Thunder,21,0,0,0,Wearable,"19,050 ","16,250 "," $1,840,000 "
2019,3/4/2020,6:00,March,Wednesday,5,Indiana Pacers,36,0,0,0,None,"14,100 ","11,800 "," $1,080,000 "
2018,10/19/2018,7:30,October,Friday,99,Indiana Pacers,54,0,0,0,Wearable,"14,950 ","13,650 "," $1,030,000 "
2018,10/22/2018,7:00,October,Monday,3,New York Knicks,54,0,0,0,None,"12,250 ","10,000 "," $780,000 "
2018,10/24/2018,8:30,October,Wednesday,2,Philadelphia 76ers,45,0,0,0,None,"13,050 ","10,950 "," $810,000 "
2018,10/27/2018,7:30,October,Saturday,3,Orlando Magic,46,0,0,0,None,"13,850 ","11,850 "," $920,000 "
2018,10/29/2018,7:00,October,Monday,2,Toronto Raptors,46,0,0,0,None,"17,300 ","15,000 "," $1,160,000 "
2018,11/4/2018,2:30,November,Sunday,6,Sacramento Kings,48,1,0,0,None,"14,550 ","12,800 "," $1,000,000 "
2018,11/14/2018,7:00,November,Wednesday,10,Memphis Grizzlies,27,0,0,0,Wearable,"15,950 ","13,000 "," $1,020,000 "
2018,11/16/2018,8:30,November,Friday,2,Chicago Bulls,32,0,0,0,None,"14,350 ","13,050 "," $1,090,000 "
2018,11/19/2018,7:00,November,Monday,3,Denver Nuggets,30,0,0,0,None,"17,050 ","14,800 "," $1,120,000 "
2018,11/21/2018,7:00,November,Wednesday,2,Portland Trail Blazers,30,0,0,0,None,"14,650 ","13,300 "," $1,030,000 "
2018,11/23/2018,7:30,November,Friday,2,Phoenix Suns,46,0,0,0,None,"18,200 ","16,300 "," $1,250,000 "
2018,11/24/2018,7:30,November,Saturday,1,San Antonio Spurs,41,0,0,0,None,"19,450 ","17,750 "," $1,460,000 "
2018,11/28/2018,7:00,November,Wednesday,4,Chicago Bulls,25,1,1,0,None,"16,500 ","13,900 "," $1,230,000 "
2018,12/5/2018,7:00,December,Wednesday,7,Detroit Pistons,30,0,0,0,None,"17,300 ","14,100 "," $1,200,000 "
2018,12/7/2018,8:30,December,Friday,2,Golden State Warriors,19,0,0,0,None,"16,400 ","15,500 "," $1,410,000 "
2018,12/10/2018,7:00,December,Monday,3,Cleveland Cavaliers,28,0,0,0,None,"17,200 ","14,100 "," $1,150,000 "
2018,12/19/2018,7:00,December,Wednesday,9,New Orleans Pelicans,45,0,0,0,Franchise,"17,150 ","15,550 "," $1,260,000 "
2018,12/27/2018,7:00,December,Thursday,8,New York Knicks,50,0,0,0,None,"18,200 ","16,150 "," $1,370,000 "
2018,12/29/2018,4:00,December,Saturday,2,Brooklyn Nets,25,0,0,0,None,"20,600 ","18,900 "," $1,550,000 "
2018,1/1/2019,7:00,January,Tuesday,3,Detroit Pistons,23,0,0,1,Wearable,"14,900 ","13,150 "," $1,020,000 "
2018,1/4/2019,7:30,January,Friday,3,Atlanta Hawks,36,0,0,0,None,"19,800 ","18,300 "," $1,460,000 "
2018,1/5/2019,7:30,January,Saturday,1,Toronto Raptors,41,0,0,0,Other,"16,850 ","15,850 "," $1,290,000 "
2018,1/7/2019,7:00,January,Monday,2,Utah Jazz,41,0,0,0,None,"19,450 ","17,100 "," $1,340,000 "
2018,1/15/2019,7:00,January,Tuesday,8,Miami Heat,32,0,0,0,Wearable,"19,800 ","17,900 "," $1,350,000 "
2018,1/21/2019,1:00,January,Monday,6,Dallas Mavericks,18,1,1,1,None,"18,150 ","15,650 "," $1,250,000 "
2018,1/25/2019,7:30,January,Friday,4,Charlotte Hornets,-2,0,0,0,Wearable,"19,600 ","17,800 "," $1,460,000 "
2018,2/6/2019,7:00,February,Wednesday,12,Washington Wizards,30,0,0,0,None,"17,000 ","14,850 "," $1,180,000 "
2018,2/9/2019,8:00,February,Saturday,3,Orlando Magic,19,0,0,0,None,"17,200 ","15,750 "," $1,290,000 "
2018,2/21/2019,7:00,February,Thursday,12,Boston Celtics,25,0,0,0,None,"14,450 ","13,300 "," $1,100,000 "
2018,2/23/2019,7:30,February,Saturday,2,Minnesota Timberwolves,36,1,0,0,Wearable,"16,150 ","14,950 "," $1,190,000 "
2018,3/7/2019,7:00,March,Thursday,12,Indiana Pacers,19,0,0,0,None,"17,800 ","15,350 "," $1,230,000 "
2018,3/9/2019,8:00,March,Saturday,2,Charlotte Hornets,36,0,0,0,None,"18,150 ","16,200 "," $1,340,000 "
2018,3/17/2019,2:30,March,Sunday,8,Philadelphia 76ers,39,0,0,1,Franchise,"15,350 ","14,100 "," $1,160,000 "
2018,3/19/2019,7:00,March,Tuesday,2,Los Angeles Lakers,45,0,0,0,None,"19,450 ","17,500 "," $1,640,000 "
2018,3/22/2019,7:30,March,Friday,3,Miami Heat,36,0,0,0,None,"16,700 ","14,900 "," $1,240,000 "
2018,3/24/2019,3:30,March,Sunday,2,Cleveland Cavaliers,45,0,0,0,None,"19,550 ","17,200 "," $1,370,000 "
2018,3/26/2019,7:00,March,Tuesday,2,Houston Rockets,43,0,0,0,None,"15,800 ","14,600 "," $1,200,000 "
2018,3/28/2019,7:00,March,Thursday,2,Los Angeles Clippers,45,0,0,0,None,"15,400 ","13,500 "," $1,080,000 "
2018,4/6/2019,4:00,April,Saturday,9,Brooklyn Nets,55,0,0,0,Wearable,"15,300 ","13,650 "," $1,120,000 "
2018,4/7/2019,6:00,April,Sunday,1,Atlanta Hawks,55,0,0,0,None,"16,400 ","14,100 "," $1,140,000 "
2018,4/10/2019,7:00,April,Wednesday,3,Oklahoma City Thunder,34,1,1,0,Franchise,"18,050 ","16,000 "," $1,320,000 "
2021,10/19/2021,6:30,October,Tuesday,99,Brooklyn Nets,64,0,0,0,Franchise,"16,350 ","14,600 "," $2,100,000 "
2021,10/27/2021,7:00,October,Wednesday,8,Minnesota Timberwolves,52,0,0,0,None,"15,950 ","13,500 "," $1,600,000 "
2021,10/30/2021,7:00,October,Saturday,3,San Antonio Spurs,48,0,0,0,None,"14,350 ","11,050 "," $1,530,000 "
2021,10/31/2021,6:00,October,Sunday,1,Utah Jazz,43,0,0,1,None,"12,100 ","8,450 "," $1,320,000 "
2021,11/5/2021,6:30,November,Friday,5,New York Knicks,45,0,0,0,Wearable,"12,800 ","10,950 "," $1,310,000 "
2021,11/17/2021,6:30,November,Wednesday,12,Los Angeles Lakers,45,0,0,0,None,"13,800 ","12,050 "," $1,810,000 "
2021,11/19/2021,7:00,November,Friday,2,Oklahoma City Thunder,34,0,0,0,None,"12,450 ","10,050 "," $1,300,000 "
2021,11/20/2021,7:00,November,Saturday,1,Orlando Magic,37,0,0,0,Franchise,"13,600 ","11,550 "," $1,390,000 "
2021,11/22/2021,7:00,November,Monday,2,Orlando Magic,28,0,0,0,None,"13,200 ","10,750 "," $1,270,000 "
2021,11/24/2021,7:00,November,Wednesday,2,Detroit Pistons,46,0,0,0,None,"17,400 ","14,750 "," $1,720,000 "
2021,12/1/2021,7:00,December,Wednesday,7,Charlotte Hornets,52,0,0,0,Other,"18,200 ","14,600 "," $1,810,000 "
2021,12/4/2021,7:00,December,Saturday,3,Miami Heat,34,0,0,0,None,"15,050 ","13,000 "," $1,650,000 "
2021,12/6/2021,7:00,December,Monday,2,Cleveland Cavaliers,18,0,0,0,None,"11,800 ","9,250 "," $1,200,000 "
2021,12/15/2021,7:00,December,Wednesday,9,Indiana Pacers,64,0,0,0,None,"15,300 ","12,050 "," $1,570,000 "
2021,12/18/2021,8:00,December,Saturday,3,Cleveland Cavaliers,30,0,0,0,None,"18,200 ","14,500 "," $1,830,000 "
2021,12/22/2021,7:00,December,Wednesday,4,Houston Rockets,23,0,0,0,Other,"17,900 ","14,650 "," $1,740,000 "
2021,12/25/2021,1:30,December,Saturday,3,Boston Celtics,43,0,0,1,None,"14,150 ","11,800 "," $1,580,000 "
2021,1/1/2022,5:30,January,Saturday,7,New Orleans Pelicans,20,1,1,1,None,"18,350 ","14,450 "," $1,920,000 "
2021,1/3/2022,7:00,January,Monday,2,Detroit Pistons,19,0,0,0,None,"12,550 ","8,850 "," $1,200,000 "
2021,1/5/2022,7:00,January,Wednesday,2,Toronto Raptors,16,1,1,0,Wearable,"12,950 ","9,800 "," $1,250,000 "
2021,1/13/2022,6:30,January,Thursday,8,Golden State Warriors,34,0,0,0,None,"18,400 ","16,750 "," $2,090,000 "
2021,1/15/2022,5:30,January,Saturday,2,Toronto Raptors,19,1,1,0,None,"15,500 ","13,100 "," $1,610,000 "
2021,1/19/2022,7:00,January,Wednesday,4,Memphis Grizzlies,10,0,0,0,Other,"18,900 ","16,000 "," $1,800,000 "
2021,1/21/2022,7:00,January,Friday,2,Chicago Bulls,18,0,0,0,None,"21,350 ","19,200 "," $2,380,000 "
2021,1/22/2022,6:00,January,Saturday,1,Sacramento Kings,21,1,1,0,None,"15,850 ","11,450 "," $1,640,000 "
2021,1/28/2022,9:00,January,Friday,6,New York Knicks,14,0,0,0,None,"18,800 ","15,700 "," $1,910,000 "
2021,1/30/2022,6:00,January,Sunday,2,Denver Nuggets,23,0,0,0,None,"14,850 ","11,800 "," $1,530,000 "
2021,2/1/2022,6:30,February,Tuesday,2,Washington Wizards,36,0,0,0,Wearable,"15,500 ","12,200 "," $1,540,000 "
2021,2/14/2022,7:00,February,Monday,13,Portland Trail Blazers,18,0,0,1,None,"16,250 ","13,200 "," $1,530,000 "
2021,2/15/2022,7:00,February,Tuesday,1,Indiana Pacers,32,0,0,0,None,"18,150 ","13,700 "," $1,710,000 "
2021,2/17/2022,7:30,February,Thursday,2,Philadelphia 76ers,19,0,0,0,None,"14,250 ","12,100 "," $1,470,000 "
2021,2/26/2022,7:30,February,Saturday,9,Brooklyn Nets,28,0,0,0,None,"18,200 ","16,350 "," $2,200,000 "
2021,2/28/2022,7:00,February,Monday,2,Charlotte Hornets,39,0,0,0,None,"16,550 ","13,900 "," $1,610,000 "
2021,3/2/2022,7:00,March,Wednesday,2,Miami Heat,37,0,0,0,Wearable,"13,500 ","11,800 "," $1,400,000 "
2021,3/6/2022,2:30,March,Sunday,4,Phoenix Suns,37,0,0,0,None,"18,950 ","17,050 "," $2,120,000 "
2021,3/9/2022,7:00,March,Wednesday,3,Atlanta Hawks,28,0,0,0,None,"14,600 ","12,750 "," $1,470,000 "
2021,3/22/2022,7:00,March,Tuesday,13,Chicago Bulls,43,1,0,0,Other,"17,650 ","16,100 "," $1,880,000 "
2021,3/24/2022,7:00,March,Thursday,2,Washington Wizards,36,1,0,0,Franchise,"18,650 ","16,900 "," $1,800,000 "
2021,4/1/2022,7:00,April,Friday,8,Los Angeles Clippers,37,0,0,0,None,"17,800 ","16,150 "," $1,860,000 "
2021,4/3/2022,12:00,April,Sunday,2,Dallas Mavericks,41,0,0,0,None,"15,200 ","13,800 "," $1,640,000 "
2021,4/7/2022,6:30,April,Thursday,4,Boston Celtics,39,0,0,0,Franchise,"17,850 ","15,950 "," $1,840,000 "
2022,10/22/2022,7:00,October,Saturday,99,Houston Rockets,70,0,0,0,None,"19,650 ","17,650 "," $2,090,000 "
2022,10/26/2022,6:30,October,Wednesday,4,Brooklyn Nets,41,0,0,0,None,"15,300 ","13,750 "," $1,600,000 "
2022,10/28/2022,7:00,October,Friday,2,New York Knicks,46,0,0,0,None,"15,250 ","12,800 "," $1,650,000 "
2022,10/29/2022,7:00,October,Saturday,1,Atlanta Hawks,46,0,0,0,None,"14,100 ","11,600 "," $1,520,000 "
2022,10/31/2022,7:00,October,Monday,2,Detroit Pistons,48,0,0,1,None,"15,550 ","11,250 "," $1,670,000 "
2022,11/2/2022,7:00,November,Wednesday,2,Detroit Pistons,57,0,0,0,Wearable,"17,050 ","14,100 "," $1,720,000 "
2022,11/5/2022,7:00,November,Saturday,3,Oklahoma City Thunder,46,0,0,0,None,"20,400 ","18,350 "," $2,080,000 "
2022,11/14/2022,7:00,November,Monday,9,Atlanta Hawks,34,0,0,0,Other,"18,150 ","15,250 "," $2,000,000 "
2022,11/16/2022,7:00,November,Wednesday,2,Cleveland Cavaliers,30,0,0,0,None,"14,650 ","12,600 "," $1,610,000 "
2022,11/21/2022,7:00,November,Monday,5,Portland Trail Blazers,28,0,0,0,None,"16,300 ","14,350 "," $1,690,000 "
2022,11/23/2022,7:00,November,Wednesday,2,Chicago Bulls,39,0,0,0,None,"14,450 ","12,800 "," $1,670,000 "
2022,11/25/2022,7:00,November,Friday,2,Cleveland Cavaliers,39,0,0,0,None,"19,750 ","17,750 "," $2,190,000 "
2022,11/27/2022,7:00,November,Sunday,2,Dallas Mavericks,32,0,0,0,None,"18,050 ","15,200 "," $1,950,000 "
2022,12/2/2022,6:30,December,Friday,5,Los Angeles Lakers,48,0,0,0,None,"19,850 ","18,550 "," $2,670,000 "
2022,12/7/2022,7:00,December,Wednesday,5,Sacramento Kings,34,0,0,0,Franchise,"16,150 ","14,250 "," $1,720,000 "
2022,12/13/2022,6:30,December,Tuesday,6,Golden State Warriors,36,0,0,0,None,"17,000 ","15,850 "," $2,270,000 "
2022,12/17/2022,7:00,December,Saturday,4,Utah Jazz,25,0,0,0,Wearable,"18,350 ","16,050 "," $2,030,000 "
2022,12/30/2022,7:00,December,Friday,13,Minnesota Timberwolves,30,0,0,0,None,"20,900 ","19,000 "," $2,350,000 "
2022,1/1/2023,7:00,January,Sunday,2,Washington Wizards,34,0,0,1,None,"15,200 ","13,500 "," $1,650,000 "
2022,1/3/2023,7:00,January,Tuesday,2,Washington Wizards,39,0,0,0,Other,"18,200 ","15,550 "," $1,940,000 "
2022,1/6/2023,7:00,January,Friday,3,Charlotte Hornets,27,0,0,0,Wearable,"15,750 ","14,400 "," $1,780,000 "
2022,1/16/2023,1:30,January,Monday,10,Indiana Pacers,43,0,0,1,None,"17,200 ","15,350 "," $1,870,000 "
2022,1/17/2023,6:30,January,Tuesday,1,Toronto Raptors,37,0,0,0,None,"16,350 ","13,950 "," $1,800,000 "
2022,1/25/2023,7:00,January,Wednesday,8,Denver Nuggets,30,1,1,0,Wearable,"15,600 ","14,050 "," $1,710,000 "
2022,1/29/2023,7:00,January,Sunday,4,New Orleans Pelicans,18,0,0,0,None,"16,550 ","13,750 "," $1,840,000 "
2022,1/31/2023,7:00,January,Tuesday,2,Charlotte Hornets,3,0,0,0,None,"17,000 ","13,900 "," $1,910,000 "
2022,2/2/2023,9:00,February,Thursday,2,Los Angeles Clippers,12,0,0,0,Other,"17,700 ","14,950 "," $1,870,000 "
2022,2/4/2023,7:00,February,Saturday,2,Miami Heat,32,0,0,0,Wearable,"20,700 ","18,850 "," $2,360,000 "
2022,2/14/2023,6:30,February,Tuesday,10,Boston Celtics,48,0,0,1,None,"17,450 ","15,750 "," $2,090,000 "
2022,2/24/2023,6:30,February,Friday,10,Miami Heat,23,1,1,0,None,"19,000 ","17,150 "," $2,150,000 "
2022,2/26/2023,12:00,February,Sunday,2,Phoenix Suns,43,0,0,0,None,"17,200 ","15,500 "," $2,010,000 "
